@Article{Ouyang2020,
  author    = {Dian Ouyang and Long Yuan and Lu Qin and Lijun Chang and Ying Zhang and Xuemin Lin},
  journal   = {Proceedings of the {VLDB} Endowment},
  title     = {Efficient shortest path index maintenance on dynamic road networks with theoretical guarantees},
  year      = {2020},
  month     = {jan},
  number    = {5},
  pages     = {602--615},
  volume    = {13},
  doi       = {10.14778/3377369.3377371},
  publisher = {{VLDB} Endowment},
}

@InProceedings{Hassan2016,
  author    = {Mohamed S. Hassan and Walid G. Aref and Ahmed M. Aly},
  booktitle = {Proceedings of the 2016 International Conference on Management of Data},
  title     = {Graph Indexing for Shortest-Path Finding over Dynamic Sub-Graphs},
  year      = {2016},
  month     = {jun},
  publisher = {{ACM}},
  doi       = {10.1145/2882903.2882933},
}

@Article{Liu2017,
  author    = {Yiding Liu and Tuan-Anh Nguyen Pham and Gao Cong and Quan Yuan},
  journal   = {Proceedings of the {VLDB} Endowment},
  title     = {An experimental evaluation of point-of-interest recommendation in location-based social networks},
  year      = {2017},
  month     = {jun},
  number    = {10},
  pages     = {1010--1021},
  volume    = {10},
  doi       = {10.14778/3115404.3115407},
  publisher = {{VLDB} Endowment},
}

@InCollection{Geisberger,
  author    = {Robert Geisberger and Peter Sanders and Dominik Schultes and Daniel Delling},
  booktitle = {Experimental Algorithms},
  publisher = {Springer Berlin Heidelberg},
  title     = {Contraction Hierarchies: Faster and Simpler Hierarchical Routing in Road Networks},
  pages     = {319--333},
  doi       = {10.1007/978-3-540-68552-4_24},
}

@Article{Dijkstra1959,
  author    = {E. W. Dijkstra},
  journal   = {Numerische Mathematik},
  title     = {A note on two problems in connexion with graphs},
  year      = {1959},
  month     = {dec},
  number    = {1},
  pages     = {269--271},
  volume    = {1},
  doi       = {10.1007/bf01386390},
  publisher = {Springer Science and Business Media {LLC}},
}

@InCollection{Dibbelt2014,
  author    = {Julian Dibbelt and Ben Strasser and Dorothea Wagner},
  booktitle = {Experimental Algorithms},
  publisher = {Springer International Publishing},
  title     = {Erratum: Customizable Contraction Hierarchies},
  year      = {2014},
  pages     = {E1--E1},
  doi       = {10.1007/978-3-319-07959-2_38},
}

@Comment{jabref-meta: databaseType:bibtex;}
